%Book recommended in the brief%

@book{Stewart,
author = {Stewart, I.},
language = {eng},
isbn = {103210158X},
title = {Galois Theory},
publisher = {Chapman and Hall/CRC},
edition = {5th},
year = {2022},
}

@book{Wilkins,
   title =     {Introduction to Galois theory},
   author =    {Wilkins D.R.},
   year =      {2002},
   edition =   {web draft},
}

@book{Lorenz,
   title =     {Algebra. Fields and Galois Theory},
   author =    {Lorenz F., Levy S.},
   publisher = {Springer},
   year =      {2005},
   edition =   {1},
   volume =    {Volume 1},
  
}

@article{Moy,
	title = {An Introduction to the Theory of Field Extensions},
    author = {Moy, S.},
}

@article{Abel-Ruffini,
    title = {Galois Theory and the Abel-Ruffini Theorem},
    author = {Mrinal, M.},
    institution = {University of Chicago},
    year = {2019},
    }

@article{Hilbert,
    title = {An Introduction to the Inverse Galois Problem},
    author = {Martinez, M.},
    institution = {Universitat de Barcelona},
    year = {2017},
}

@misc{galois-lecture-polynomials,
    title = {Galois groups of polynomials},
    author = {DeVille, L.},
    institution = {University of Illinois},
    year = {2020},
}

@misc{galois-theory-lectures,
  author       = {Borcherds, R.},
  howpublished = {Videos},
  title        = {Galois Theory},
  year         = {2021}
}

@misc{cambridge-galois-lecture-polynomials,
    title = {Galois Theory},
    author = {Wilson, P. and Lingard, J.},
    institution = {University of Illinois},
    year = {2020},
    }